@book{Griffiths2018,
  author    = {David J. Griffiths and Darrell F. Schroeter},
  title     = {Introduction to Quantum Mechanics},
  edition   = {3rd},
  year      = {2018},
  publisher = {Cambridge University Press}
}

@book{Sakurai2017,
  author    = {J. J. Sakurai and Jim Napolitano},
  title     = {Modern Quantum Mechanics},
  edition   = {2nd},
  year      = {2017},
  publisher = {Cambridge University Press}
}

@book{SIbrochure2019,
  author    = {{BIPM}},
  title     = {The International System of Units (SI), 9th edition},
  year      = {2019},
  publisher = {Bureau International des Poids et Mesures}
}

@book{Evans2010,
  author    = {Lawrence C. Evans},
  title     = {Partial Differential Equations},
  edition   = {2nd},
  year      = {2010},
  publisher = {American Mathematical Society}
}

@book{AdamsFournier2003,
  author    = {R. A. Adams and J. J. F. Fournier},
  title     = {Sobolev Spaces},
  edition   = {2nd},
  year      = {2003},
  publisher = {Elsevier/Academic Press}
}
